# Página web (Wikipedia)
@misc{EulerWiki,
  author = {Wikipedia},
  title = {{L}eonhard {E}uler --- {W}ikipedia{,} The Free Encyclopedia},
  year = {2023},
  howpublished={\url{https://en.wikipedia.org/wiki/Leonhard_Euler}},
  url={\url{https://en.wikipedia.org/wiki/Leonhard_Euler}},
  note={[Recurso online, accedido el 27 de julio de 2023]}
}

# Libro
@book {Aigner2018,
    AUTHOR = {Aigner, Martin and Ziegler, G\"{u}nter M.},
     TITLE = {Proofs from {T}he {B}ook},
   EDITION = {Fifth},
      NOTE = {Including illustrations by Karl H. Hofmann},
 PUBLISHER = {Springer-Verlag, Berlin},
      YEAR = {2014},
     PAGES = {viii+308},
      ISBN = {978-3-662-44204-3; 978-3-662-44205-0},
       DOI = {10.1007/978-3-662-44205-0},
       URL = {https://doi.org/10.1007/978-3-662-44205-0},
}

# Artículo
@article {Euler1985,
    AUTHOR = {Euler, Leonhard},
     TITLE = {An essay on continued fractions},
      NOTE = {Translated from the Latin by B. F. Wyman and M. F. Wyman},
   JOURNAL = {Math. Systems Theory},
  FJOURNAL = {Mathematical Systems Theory. An International Journal on
              Mathematical Computing Theory},
    VOLUME = {18},
      YEAR = {1985},
    NUMBER = {4},
     PAGES = {295--328},
      ISSN = {0025-5661},
       DOI = {10.1007/BF01699475},
       URL = {https://doi.org/10.1007/BF01699475},
}

# Tesis
@phdthesis{CitekeyPhdthesis,
  author  = {Rempel, Robert Charles},
  title   = {Relaxation Effects for Coupled Nuclear Spins},
  school  = {Stanford University},
  address = {Stanford, CA},
  year    = 1956,
  month   = jun
}

# Trabajo fin de máster
@mastersthesis{CitekeyMastersthesis,
  author  = {Jian Tang},
  title   = {Spin structure of the nucleon in the asymptotic limit},
  school  = {Massachusetts Institute of Technology},
  year    = 1996,
  address = {Cambridge, MA},
  month   = sep
}

# Trabajo fin de grado
@thesis{CiteKeyBachelorsthesis,
  author  = {Doe, John},
  title   = {Are we living in a simulation?},
  school  = {Massachusetts Institute of Technology},
  year    = 2003,
  address = {Cambridge, MA},
  month   = jul,
  type    = {Bachelor's Thesis},
  note    = {Bacherlo's Thesis, Massachusetts Institute of Technology, Cambridge, MA.}
}

# Artículo no publicado
@misc{castroinfantes2022conjugate,
  title         =  {Conjugate Plateau constructions in product spaces}, 
  author        =  {Jesús Castro-Infantes and José M. Manzano and Francisco Torralbo},
  year          =  {2022},
  eprint        =  {2203.13162},
  archivePrefix =  {arXiv},
  primaryClass  =  {math.DG},
  note          =  {Preprint. arXiv: 2203.13162 [math.DG]}
}
